@book{manyika2016digital,
  title={Digital globalization: The new era of global flows},
  author={Manyika, James and Lund, Susan and Bughin, Jacques and Woetzel, Jonathan R and Stamenov, Kalin and Dhingra, Dhruv},
  volume={4},
  year={2016},
  publisher={McKinsey Global Institute San Francisco}
}

@article{lumsden2004truck,
  title={Truck masses and dimensions-impact on transport efficiency},
  author={Lumsden, Kenth},
  journal={Department of Logistics and Transportation, Chalmers University of Technology, Gothenburg},
  year={2004}
}

@article{halff2019likely,
  title={The likely implications of the new IMO standards on the shipping industry},
  author={Halff, Antoine and Younes, Lara and Boersma, Tim},
  journal={Energy Policy},
  volume={126},
  pages={277--286},
  year={2019},
  publisher={Elsevier}
}

@article{van2015internet,
  title={Internet skill levels increase, but gaps widen: A longitudinal cross-sectional analysis (2010--2013) among the Dutch population},
  author={van Deursen, Alexander JAM and van Dijk, Jan AGM},
  journal={Information, Communication \& Society},
  volume={18},
  number={7},
  pages={782--797},
  year={2015},
  publisher={Taylor \& Francis}
}

@article{nilsson2006logistics,
  title={Logistics management in practice--towards theories of complex logistics},
  author={Nilsson, Fredrik},
  journal={The International Journal of Logistics Management},
  volume={17},
  number={1},
  pages={38--54},
  year={2006},
  publisher={Emerald Group Publishing Limited}
}

@article{zacharia2004logistics,
  title={Logistics salience in a changing environment},
  author={Zacharia, Zach G and Mentzer, John T},
  journal={Journal of Business Logistics},
  volume={25},
  number={1},
  pages={187--210},
  year={2004},
  publisher={Wiley Online Library}
}

@book{christopher2016logistics,
  title={Logistics \& supply chain management},
  author={Christopher, Martin},
  year={2016},
  publisher={Pearson UK}
}

@article{bharati2015current,
  title={Current status of technology adoption: Micro, small and medium manufacturing firms in Boston},
  author={Bharati, Pratyush and Chaudhury, Abhijit},
  journal={Bharati, P. and Chaudhury, A.(2006),“Current Status of Technology Adoption: Micro, Small and Medium Manufacturing Firms in Boston”, Communications of the ACM},
  volume={49},
  number={10},
  pages={88--93},
  year={2015}
}

@article{neubert2018collaboration,
  title={Collaboration and integration through information technologies in supply chains},
  author={Neubert, Gilles and Ouzrout, Yacine and Bouras, Abdelaziz},
  journal={arXiv preprint arXiv:1811.01688},
  year={2018}
}

@article{garg2018supply,
  title={IT/IS in supply chain management of agro industries},
  author={Garg, SK and Sharma, Manoj K and Shukla, Mukesh},
  journal={Management of innovation, technology, transfer \& flexibility for competitiveness in the globalized world. New Delhi, India: Global Institute of Flexible Systems Management. Retrieved from http://www. indianjournals. com/glogift2k6/glogift2k6-1-1/theme\_1/Article},
  year={2018}
}

@article{dweekat2017supply,
  title={A supply chain performance measurement approach using the internet of things: Toward more practical SCPMS},
  author={Dweekat, Abdallah Jamal and Hwang, Gyusun and Park, Jinwoo},
  journal={Industrial Management \& Data Systems},
  volume={117},
  number={2},
  pages={267--286},
  year={2017},
  publisher={Emerald Publishing Limited}
}

@article{abeyratne2016blockchain,
  title={Blockchain ready manufacturing supply chain using distributed ledger},
  author={Abeyratne, Saveen A and Monfared, Radmehr P},
  year={2016},
  publisher={{\copyright} The Authors. Published by eSAT}
}

@article{majeed2017internet,
  title={Internet of Things (IoT) embedded future supply chains for industry 4.0: an assessment from an ERP-based fashion apparel and footwear industry},
  author={Majeed, Aabid Abdul and Rupasinghe, Thashika D},
  journal={International Journal of Supply Chain Management},
  volume={6},
  number={1},
  pages={25--40},
  year={2017}
}

@article{popov2016tangle,
  title={The tangle},
  author={Popov, Serguei},
  journal={cit. on},
  pages={131},
  year={2016}
}

@article{bramas2018stability,
  title={The Stability and the Security of the Tangle},
  author={Bramas, Quentin},
  year={2018}
}







@misc{customs2018importer,
  title={Importer Security Filing and Additional Carrier Requirements},
  author={Customs, US and Protection, Border},
  journal={2009-08-07)[2013-03-04]. http://www. cbp. gov/xp/cgov/trade/cargo\_ security/carriers/security filing/sfi carriers lp. xml},
  year={2018}
}

@inproceedings{trade2013valuing,
  title={Valuing growth opportunities},
  author={Trade, Enabling},
  booktitle={World Economic Forum},
  year={2013}
}

@article{anderson20077,
  title={The 7 principles of supply chain management},
  author={ANDERSON, DAVID L and BRITT, FRANK F and Favre, Donavon J},
  journal={Supply Chain Management Review},
  volume={11},
  number={3},
  year={2007}
}

@book{webber2009building,
  title={Building competitiveness in Africa's agriculture: a guide to value chain concepts and applications},
  author={Webber, C Martin and Labaste, Patrick},
  year={2009},
  publisher={The World Bank}
}

@article{briano2010resiliency,
  title={Resiliency and Vulnerability in Short Life Cycle Products’ Supply Chains: a System Dynamics Model},
  author={Briano, Enrico and Caballini, Claudia and Giribone, Pietro and Revetria, Roberto},
  journal={WSEAS Transactions on Systems},
  volume={9},
  number={4},
  pages={327--337},
  year={2010},
  publisher={World Scientific and Engineering Academy and Society (WSEAS)}
}

@article{tipping2016shifting,
  title={Shifting patterns, the future of the logistics industry},
  author={Tipping, A and Kauschke, P},
  journal={PriceWaterhouseCoopers, Phoenix},
  year={2016}
}

@article{marucheck2011product,
  title={Product safety and security in the global supply chain: Issues, challenges and research opportunities},
  author={Marucheck, Ann and Greis, Noel and Mena, Carlos and Cai, Linning},
  journal={Journal of Operations Management},
  volume={29},
  number={7-8},
  pages={707--720},
  year={2011},
  publisher={Elsevier}
}

@inproceedings{strom2013pwc,
  title={PwC and the MIT forum for supply chain innovation: Making the right risk decisions to strengthen operations performance. PwC},
  author={Strom, M and others},
  year={2013},
  organization={MIT Forum for Supply Chain Innovation. http://www. pwc. com/en\_GX/gx~…}
}

@article{prajogo2012supply,
  title={Supply chain integration and performance: The effects of long-term relationships, information technology and sharing, and logistics integration},
  author={Prajogo, Daniel and Olhager, Jan},
  journal={International Journal of Production Economics},
  volume={135},
  number={1},
  pages={514--522},
  year={2012},
  publisher={Elsevier}
}

@article{gunasekaran2017information,
  title={Information technology for competitive advantage within logistics and supply chains: A review},
  author={Gunasekaran, Angappa and Subramanian, Nachiappan and Papadopoulos, Thanos},
  journal={Transportation Research Part E: Logistics and Transportation Review},
  volume={99},
  pages={14--33},
  year={2017},
  publisher={Elsevier}
}

@inproceedings{ozcan2016software,
  title={SOFTWARE APPLICATION IN SUPPLY CHAIN MANAGEMENT AND EXAMINING OF PRODUCTIVITY EFFECTS OF USE “ERP” IN ENTERPRISES},
  author={{\"O}zcan, Eser and {\c{C}}imtay, Mehmet Aziz},
  booktitle={LM-SCM 2016 XIV. INTERNATIONAL LOGISTICS AND SUPPLY CHAIN CONGRESS},
  pages={402},
  year={2016}
}

@article{xue2013risk,
  title={Risk mitigation in supply chain digitization: System modularity and information technology governance},
  author={Xue, Ling and Zhang, Cheng and Ling, Hong and Zhao, Xia},
  journal={Journal of Management Information Systems},
  volume={30},
  number={1},
  pages={325--352},
  year={2013},
  publisher={Taylor \& Francis}
}

@article{buyukozkan2018digital,
  title={Digital supply chain: literature review and a proposed framework for future research},
  author={B{\"u}y{\"u}k{\"o}zkan, G{\"u}l{\c{c}}in and G{\"o}{\c{c}}er, Fethullah},
  journal={Computers in Industry},
  volume={97},
  pages={157--177},
  year={2018},
  publisher={Elsevier}
}

@article{li2017internet,
  title={Internet of things drives supply chain innovation: A research framework},
  author={Li, Bo and Li, Yulong},
  journal={International Journal of Organizational Innovation},
  volume={9},
  number={3},
  pages={71--92},
  year={2017}
}

@article{gnimpieba2015using,
  title={Using Internet of Things technologies for a collaborative supply chain: Application to tracking of pallets and containers},
  author={Gnimpieba, Z David R and Nait-Sidi-Moh, Ahmed and Durand, David and Fortin, J{\'e}r{\^o}me},
  journal={Procedia Computer Science},
  volume={56},
  pages={550--557},
  year={2015},
  publisher={Elsevier}
}

@article{whitmore2015internet,
  title={The Internet of Things—A survey of topics and trends},
  author={Whitmore, Andrew and Agarwal, Anurag and Da Xu, Li},
  journal={Information Systems Frontiers},
  volume={17},
  number={2},
  pages={261--274},
  year={2015},
  publisher={Springer}
}

@article{verdouw2016virtualization,
  title={Virtualization of food supply chains with the internet of things},
  author={Verdouw, Cor N and Wolfert, J and Beulens, AJM and Rialland, A},
  journal={Journal of Food Engineering},
  volume={176},
  pages={128--136},
  year={2016},
  publisher={Elsevier}
}

@article{pang2015value,
  title={Value-centric design of the internet-of-things solution for food supply chain: Value creation, sensor portfolio and information fusion},
  author={Pang, Zhibo and Chen, Qiang and Han, Weili and Zheng, Lirong},
  journal={Information Systems Frontiers},
  volume={17},
  number={2},
  pages={289--319},
  year={2015},
  publisher={Springer}
}

@article{yan2017optimization,
  title={Optimization approach for increasing revenue of perishable product supply chain with the Internet of Things},
  author={Yan, Rui},
  journal={Industrial Management \& Data Systems},
  volume={117},
  number={4},
  pages={729--741},
  year={2017},
  publisher={Emerald Publishing Limited}
}

@article{papert2017development,
  title={Development of an ecosystem model for the realization of internet of things (IoT) services in supply chain management},
  author={Papert, Marcel and Pflaum, Alexander},
  journal={Electronic Markets},
  volume={27},
  number={2},
  pages={175--189},
  year={2017},
  publisher={Springer}
}

@article{ben2017internet,
  title={Internet of things and supply chain management: a literature review},
  author={Ben-Daya, Mohamed and Hassini, Elkafi and Bahroun, Zied},
  journal={International Journal of Production Research},
  pages={1--24},
  year={2017},
  publisher={Taylor \& Francis}
}

@article{tu2018exploratory,
  title={An exploratory study of Internet of Things (IoT) adoption intention in logistics and supply chain management: A mixed research approach},
  author={Tu, Mengru},
  journal={The International Journal of Logistics Management},
  volume={29},
  number={1},
  pages={131--151},
  year={2018},
  publisher={Emerald Publishing Limited}
}

@article{lee2018design,
  title={Design and application of Internet of things-based warehouse management system for smart logistics},
  author={Lee, CKM and Lv, Yaqiong and Ng, KKH and Ho, William and Choy, KL},
  journal={International Journal of Production Research},
  volume={56},
  number={8},
  pages={2753--2768},
  year={2018},
  publisher={Taylor \& Francis}
}

@inproceedings{korpela2017digital,
  title={Digital supply chain transformation toward blockchain integration},
  author={Korpela, Kari and Hallikas, Jukka and Dahlberg, Tomi},
  booktitle={proceedings of the 50th Hawaii international conference on system sciences},
  year={2017}
}

@inproceedings{hackius2017blockchain,
  title={Blockchain in logistics and supply chain: trick or treat?},
  author={Hackius, Niels and Petersen, Moritz},
  booktitle={Proceedings of the Hamburg International Conference of Logistics (HICL)},
  pages={3--18},
  year={2017},
  organization={epubli}
}

@inproceedings{tian2016agri,
  title={An agri-food supply chain traceability system for China based on RFID \& blockchain technology},
  author={Tian, Feng},
  booktitle={Service Systems and Service Management (ICSSSM), 2016 13th International Conference on},
  pages={1--6},
  year={2016},
  organization={IEEE}
}

@article{badzar2016blockchain,
  title={Blockchain for securing sustainable transport contracts and supply chain transparency-An explorative study of blockchain technology in logistics},
  author={Badzar, Amina},
  year={2016}
}

@article{petersen2018mapping,
  title={Mapping the sea of opportunities: Blockchain in supply chain and logistics},
  author={Petersen, Moritz and Hackius, Niels and von See, Birgit},
  journal={it-Information Technology},
  volume={60},
  number={5-6},
  pages={263--271},
  year={2018},
  publisher={De Gruyter Oldenbourg}
}

@article{mentzer2001defining,
  title={Defining supply chain management},
  author={Mentzer, John T and DeWitt, William and Keebler, James S and Min, Soonhong and Nix, Nancy W and Smith, Carlo D and Zacharia, Zach G},
  journal={Journal of Business logistics},
  volume={22},
  number={2},
  pages={1--25},
  year={2001},
  publisher={Wiley Online Library}
}

@article{croson2005upstream,
  title={Upstream versus downstream information and its impact on the bullwhip effect},
  author={Croson, Rachel and Donohue, Karen},
  journal={System Dynamics Review: The Journal of the System Dynamics Society},
  volume={21},
  number={3},
  pages={249--260},
  year={2005},
  publisher={Wiley Online Library}
}

@article{frohlich2001arcs,
  title={Arcs of integration: an international study of supply chain strategies},
  author={Frohlich, Markham T and Westbrook, Roy},
  journal={Journal of operations management},
  volume={19},
  number={2},
  pages={185--200},
  year={2001},
  publisher={Elsevier}
}

@article{vachon2006extending,
  title={Extending green practices across the supply chain: the impact of upstream and downstream integration},
  author={Vachon, Stephan and Klassen, Robert D},
  journal={International Journal of Operations \& Production Management},
  volume={26},
  number={7},
  pages={795--821},
  year={2006},
  publisher={Emerald Group Publishing Limited}
}

